@book{Carroll2007,
    author = {Carroll, Bradley W. and Ostlie, Dale A.},
    title = {An Introduction to Modern Astrophysics},
    date = 2007,
    isbn = {978-0-321-44284-0},
    edition = {2nd (International)},
    editor = {Addison-Wesley, San Francisco: Pearson}
}

@book{Schneider,
    author       = {Schneider, Peter},
    title        = {Einf√ºhrung in die Extragalaktische Astronomie und Kosmologie},
    date         = 2006,
    doi          = {10.1007/3-540-30589-0},
    isbn         = {978-3-540-25832-2},
    publisher    = {Springer Verlag},
    langid       = {german},
}

@book{Bartelmann,
    author       = {Bartelmann, Matthias},
    title        = {Das kosmologische Standardmodell},
    date         = 2019,
    doi          = {10.1007/978-3-662-59627-2},
    isbn         = {978-3-662-59626-5},
    publisher    = {Springer Verlag},
    langid       = {german},
}

@inproceedings{Engelmann,
    author      = {Engelmann, Philipp},
    title       = {Cepheid Stars as standard candles for distance measurements},
    year        = {2013},
    month       = {09},
    url         = {https://www.haus-der-astronomie.de/3440685/04Engelmann.pdf} 
}

@book{Mukhanov,
    author       = {Mukhanov, Viatcheslav},
    title        = {Physical Foundations of Cosmology},
    date         = 2005,
    doi          = {10.1017/CBO9780511790553},
    isbn         = {978-0-521-56398-7},
    publisher    = {Cambridge University Press},
    langid       = {english},
}

@misc{Leavitt,
    author      = {Leavitt, Henrietta S. and Pickering, Edward C.},
    title       = {Periods of 25 variable stars in the Small Magellanic Cloud},
    year        = {1912},
    month       = {March},
    url         = {https://ui.adsabs.harvard.edu/link_gateway/1912HarCi.173....1L/ADS_PDF},
    publisher   = {Harvard Collage Obvervatory Circular},
    volume      = {173}
}
